<?xml version="1.0" encoding="UTF-8"?><collection xmlns="http://www.loc.gov/MARC21/slim"><record><leader>00297nam--2200109-i-4500</leader><controlfield tag="001">000033887</controlfield><controlfield tag="002">20161230</controlfield><controlfield tag="005">20161230201039</controlfield><controlfield tag="008">060222s1000------------r-----000-0-eng-d</controlfield><datafield ind1=" " ind2=" " tag="245"><subfield code="a">Memorator de metalurgie. intocmit de ing. benno nachbar</subfield></datafield><datafield ind1=" " ind2=" " tag="260"><subfield code="a">Bucuresti, Editura Tehnica, 1962. 399p</subfield></datafield><datafield ind1=" " ind2=" " tag="852"><subfield code="a">8246</subfield></datafield></record></collection>